<?xml version="1.0" encoding="UTF-8"?>
<marc:record xmlns:marc="http://www.loc.gov/MARC21/slim" xmlns:xsi="http://www.w3.org/2001/XMLSchema-instance" xsi:schemaLocation="http://www.loc.gov/MARC21/slim http://www.loc.gov/standards/marcxml/schema/MARC21slim.xsd">

	<marc:leader>02259cam a2200505 i 4500</marc:leader>
	<marc:controlfield tag="001">1714983</marc:controlfield>
	<marc:controlfield tag="005">20080731133825.0</marc:controlfield>
	<marc:controlfield tag="008">990621b        ilua     m    000 0 eng  </marc:controlfield>

	<marc:datafield tag="024" ind1="4" ind2="1">
		<marc:subfield code="a">8756-2324(198603/04)65:21.4QTP;1-E</marc:subfield>
	</marc:datafield>

	<marc:datafield tag="024" ind1="2" ind2=" ">
		<marc:subfield code="a">M011234564</marc:subfield>
	</marc:datafield>

	<marc:datafield tag="024" ind1="3" ind2=" ">
		<marc:subfield code="a">9780449906200</marc:subfield>
	</marc:datafield>

	<marc:datafield tag="024" ind1="0" ind2=" ">
		<marc:subfield code="a">NLC018413261</marc:subfield>
	</marc:datafield>

	<marc:datafield tag="024" ind1="8" ind2=" ">
		<marc:subfield code="a">123454321</marc:subfield>
	</marc:datafield>

	<marc:datafield tag="028" ind1="4" ind2="0">
		<marc:subfield code="a">WB345654</marc:subfield>
		<marc:subfield code="b">Warner Brothers Video</marc:subfield>
	</marc:datafield>

	<marc:datafield tag="100" ind1="0" ind2=" ">
		<marc:subfield code="a">Friedman, Thomas L.</marc:subfield>
		<marc:subfield code="0">n84028119</marc:subfield>
		<marc:subfield code="4">aut</marc:subfield>
	</marc:datafield>

	<marc:datafield tag="245" ind1="0" ind2="0">
		<marc:subfield code="a">Jennifer's test record</marc:subfield>
	</marc:datafield>

	<marc:datafield tag="243" ind1="1" ind2="0">
		<marc:subfield code="a">Orchestra music.</marc:subfield>
		<marc:subfield code="k">Selections</marc:subfield>
	</marc:datafield>

	<marc:datafield tag="513" ind1=" " ind2=" ">
		<marc:subfield code="a">Interim report;</marc:subfield>
		<marc:subfield code="b">Jan.-July 1977.</marc:subfield>
	</marc:datafield>

	<marc:datafield tag="522" ind1=" " ind2=" ">
		<marc:subfield code="a">County-level data from four Northwestern states.</marc:subfield>
	</marc:datafield>

	<marc:datafield tag="534" ind1=" " ind2=" ">
		<marc:subfield code="p">Originally published:</marc:subfield>
		<marc:subfield code="c">New York : Harper &amp; Row, 1972,</marc:subfield>
		<marc:subfield code="b">1st ed.</marc:subfield>
	</marc:datafield>

	<marc:datafield tag="540" ind1=" " ind2=" ">
		<marc:subfield code="a">Copying allowed only for non-profit organizations.</marc:subfield>
	</marc:datafield>

	<marc:datafield tag="544" ind1=" " ind2=" ">
		<marc:subfield code="d">Burt Barnes papers;</marc:subfield>
		<marc:subfield code="e">Also located at;</marc:subfield>
		<marc:subfield code="a">Archives of American Art, Smithsonian Institution.</marc:subfield>
	</marc:datafield>

	<marc:datafield tag="547" ind1="1" ind2="1">
		<marc:subfield code="a">Printing trades blue book.</marc:subfield>
		<marc:subfield code="p">New York edition</marc:subfield>
		<marc:subfield code="f">1916</marc:subfield>
	</marc:datafield>

	<marc:datafield tag="648" ind1=" " ind2="7">
		<marc:subfield code="a">1800-1899</marc:subfield>
		<marc:subfield code="2">fast</marc:subfield>
	</marc:datafield>

	<marc:datafield tag="653" ind1=" " ind2=" ">
		<marc:subfield code="a">Imprints 18th century 1788</marc:subfield>
	</marc:datafield>

	<marc:datafield tag="654" ind1="0" ind2=" ">
		<marc:subfield code="c">f</marc:subfield>
		<marc:subfield code="b">French colonial</marc:subfield>
		<marc:subfield code="c">v</marc:subfield>
		<marc:subfield code="a">portraits</marc:subfield>
		<marc:subfield code="c">z</marc:subfield>
		<marc:subfield code="b">United States</marc:subfield>
		<marc:subfield code="c">z</marc:subfield>
		<marc:subfield code="b">New Jersey.</marc:subfield>
		<marc:subfield code="2">aat</marc:subfield>
	</marc:datafield>

	<marc:datafield tag="710" ind1="1" ind2=" ">
		<marc:subfield code="a">Philippines.</marc:subfield>
		<marc:subfield code="t">Labor code of the Philippines.</marc:subfield>
	</marc:datafield>

	<marc:datafield tag="710" ind1="2" ind2="2">
		<marc:subfield code="a">National Fire Protection Association.</marc:subfield>
		<marc:subfield code="t">National electrical code (1993)</marc:subfield>
		<marc:subfield code="8">1\c</marc:subfield>
</marc:datafield>

	<marc:datafield tag="711" ind1="2" ind2=" ">
		<marc:subfield code="a">International Conference on Neoplatonism and Gnosticism</marc:subfield>
		<marc:subfield code="d">(1984 :</marc:subfield>
		<marc:subfield code="c">University of Oklahoma)</marc:subfield>
	</marc:datafield>

	<marc:datafield tag="711" ind1="2" ind2="2">
		<marc:subfield code="a">Forum on Bilateral Conversations</marc:subfield>
		<marc:subfield code="n">(5th :</marc:subfield>
		<marc:subfield code="d">1990 :</marc:subfield>
		<marc:subfield code="c">Budapest, Hungary).</marc:subfield>
		<marc:subfield code="t">Report.</marc:subfield>
		<marc:subfield code="f">1991.</marc:subfield>
		<marc:subfield code="8">2\c</marc:subfield>
</marc:datafield>

	<marc:datafield tag="720" ind1=" " ind2=" ">
		<marc:subfield code="a">U.S. Energy Information Administration, Coal Statistics Division</marc:subfield>
	</marc:datafield>

	<marc:datafield tag="765" ind1=" " ind2=" ">
		<marc:subfield code="t">Mashinovedenie</marc:subfield>
		<marc:subfield code="w">(DLC)90646274</marc:subfield>
		<marc:subfield code="w">(OCoLC)6258868</marc:subfield>
	</marc:datafield>

	<marc:datafield tag="773" ind1="0" ind2=" ">
		<marc:subfield code="t">Entomologists' monthly magazine</marc:subfield>
		<marc:subfield code="p">ENTOMOL MON MAG</marc:subfield>
		<marc:subfield code="d">Wallingford : Gem Publishing Company</marc:subfield>
		<marc:subfield code="x">0013-8908</marc:subfield>
		<marc:subfield code="y">FNMMA</marc:subfield>
	</marc:datafield>

	<marc:datafield tag="777" ind1="0" ind2=" ">
		<marc:subfield code="t">Drug, the nurse, the patient</marc:subfield>
		<marc:subfield code="w">(DLC) 66015620</marc:subfield>
		<marc:subfield code="w">(OCoLC)3995456</marc:subfield>
	</marc:datafield>

	<marc:datafield tag="786" ind1="0" ind2=" ">
		<marc:subfield code="a">United States. Defense Mapping Agency.</marc:subfield>
		<marc:subfield code="t">Reno, NV-CA west digital terrain elevation data</marc:subfield>
		<marc:subfield code="v">Data for reformatting to DEM format</marc:subfield>
	</marc:datafield>

	<marc:datafield tag="811" ind1="2" ind2=" ">
		<marc:subfield code="a">Delaware Symposium on Language Studies.</marc:subfield>
		<marc:subfield code="t">Delaware symposia on language studies ;</marc:subfield>
		<marc:subfield code=" ">v4.</marc:subfield>
	</marc:datafield>

	<marc:datafield tag="852" ind1="0" ind2=" ">
		<marc:subfield code="b">RheesRare</marc:subfield>
		<marc:subfield code="h">F130.2.P74</marc:subfield>
		<marc:subfield code="i">R63 2006</marc:subfield>
	</marc:datafield>

	<marc:datafield tag="852" ind1="8" ind2=" ">
		<marc:subfield code="b">ArtMusicRR</marc:subfield>
		<marc:subfield code="h">RCD 2345</marc:subfield>
	</marc:datafield>

	<marc:datafield tag="931" ind1=" " ind2=" ">
		<marc:subfield code="a">sound</marc:subfield>
	</marc:datafield>

	<marc:datafield tag="931" ind1=" " ind2=" ">
		<marc:subfield code="a">sound</marc:subfield>
	</marc:datafield>

	<marc:datafield tag="931" ind1=" " ind2=" ">
		<marc:subfield code="a">stillImage</marc:subfield>
	</marc:datafield>

	<marc:datafield tag="933" ind1=" " ind2=" ">
		<marc:subfield code="a">map</marc:subfield>
	</marc:datafield>

	<marc:datafield tag="933" ind1=" " ind2=" ">
		<marc:subfield code="a">text</marc:subfield>
	</marc:datafield>

	<marc:datafield tag="933" ind1=" " ind2=" ">
		<marc:subfield code="a">text</marc:subfield>
	</marc:datafield>

	<marc:datafield tag="999" ind1=" " ind2=" ">
		<marc:subfield code="a">full-text database</marc:subfield>
	</marc:datafield>

<marc:datafield tag="931" ind1=" " ind2=" ">
	<marc:subfield code="a">Text</marc:subfield>
	<marc:subfield code="5">NRU</marc:subfield>
</marc:datafield>

<marc:datafield tag="932" ind1=" " ind2=" ">
	<marc:subfield code="a">Language material</marc:subfield>
	<marc:subfield code="5">NRU</marc:subfield>
</marc:datafield>

<marc:datafield tag="933" ind1=" " ind2=" ">
	<marc:subfield code="a">Text</marc:subfield>
	<marc:subfield code="5">NRU</marc:subfield>
</marc:datafield>

<marc:datafield tag="935" ind1=" " ind2=" ">
	<marc:subfield code="a">Monograph/Item</marc:subfield>
	<marc:subfield code="5">NRU</marc:subfield>
</marc:datafield>

<marc:datafield tag="937" ind1=" " ind2=" ">
	<marc:subfield code="a">Non-Fiction</marc:subfield>
	<marc:subfield code="5">NRU</marc:subfield>
</marc:datafield>

<marc:datafield tag="941" ind1=" " ind2=" ">
	<marc:subfield code="a">eng</marc:subfield>
	<marc:subfield code="5">NRU</marc:subfield>
</marc:datafield>

<marc:datafield tag="943" ind1=" " ind2=" ">
	<marc:subfield code="a">English</marc:subfield>
	<marc:subfield code="5">NRU</marc:subfield>
</marc:datafield>

<marc:datafield tag="502" ind1=" " ind2=" ">
	<marc:subfield code="a">Thesis.</marc:subfield>
</marc:datafield>

<marc:controlfield tag="003">NRU</marc:controlfield>

<marc:datafield tag="035" ind1=" " ind2=" ">
	<marc:subfield code="a">(NRU)1714983</marc:subfield>
</marc:datafield>

<marc:datafield tag="959" ind1="2" ind2="2">
	<marc:subfield code="a">National Fire Protection Association.</marc:subfield>
	<marc:subfield code="5">NRU</marc:subfield>
	<marc:subfield code="8">1\c</marc:subfield>
</marc:datafield>

<marc:datafield tag="959" ind1="2" ind2="2">
	<marc:subfield code="a">Forum on Bilateral Conversations</marc:subfield>
	<marc:subfield code="n">(5th :</marc:subfield>
	<marc:subfield code="d">1990 :</marc:subfield>
	<marc:subfield code="c">Budapest, Hungary).</marc:subfield>
	<marc:subfield code="5">NRU</marc:subfield>
	<marc:subfield code="8">2\c</marc:subfield>
</marc:datafield>

</marc:record>
